<?xml version="1.0" encoding="UTF-8"?><collection xmlns="http://www.loc.gov/MARC21/slim"><record><leader>00462nam--2200169-i-4500</leader><controlfield tag="001">000022736</controlfield><controlfield tag="002">20161230</controlfield><controlfield tag="005">20161230201034</controlfield><controlfield tag="008">060222s1000------------r-----000-0-eng-d</controlfield><datafield ind1=" " ind2=" " tag="040"><subfield code="a">IFIN-HH</subfield></datafield><datafield ind1=" " ind2=" " tag="080"><subfield code="a">621.3.029:539.143.43</subfield></datafield><datafield ind1="1" ind2=" " tag="100"><subfield code="a">Ingram, D. J. E</subfield></datafield><datafield ind1="1" ind2="0" tag="245"><subfield code="a">Spectroscopy at radio and microwave frequencies</subfield><subfield code="c">D.j.e. ingram</subfield></datafield><datafield ind1=" " ind2=" " tag="260"><subfield code="a">London</subfield><subfield code="b">Butterworts</subfield><subfield code="c">1967</subfield></datafield><datafield ind1=" " ind2=" " tag="300"><subfield code="a">XVI + 534P</subfield></datafield><datafield ind1=" " ind2=" " tag="852"><subfield code="a">28370</subfield><subfield code="c">539.143.43</subfield></datafield><datafield ind1=" " ind2=" " tag="CAT"><subfield code="a">Sys</subfield><subfield code="c">20120511</subfield><subfield code="h">182651</subfield></datafield></record></collection>